@inproceedings{spiegelhalter2023extrinsics,
title = {Online Estimation of Camera Extrinsics using Map Information},
author = {Spiegelhalter, Nicolina and Von Einem, Cornelius and Hug, David},
year = {2023}
}

@online{geobasisbb2023dgm,
    author = "Landesvermessung und Geobasisinformation Brandenburg",
    title = "Digitales Gel√§ndemodell",
    url  = "https://data.geobasis-bb.de/geobasis/daten/dgm/xyz/",
}

@inproceedings{wang2015inverse,
  title={An inverse projective mapping-based approach for robust rail track extraction},
  author={Wang, Zhongli and Wu, Xian and Yan, Yan and Jia, Chunxiao and Cai, Baigen and Huang, Zhenhui and Wang, Guiguo and Zhang, Tianbai},
  booktitle={2015 8th International Congress on Image and Signal Processing (CISP)},
  pages={888--893},
  year={2015},
  organization={IEEE}
}

@inproceedings{trentesaux2018autonomous,
  title={The autonomous train},
  author={Trentesaux, Damien and Dahyot, Rudy and Ouedraogo, Abel and Arenas, Diego and Lefebvre, S{\'e}bastien and Sch{\"o}n, Walter and Lussier, Benjamin and Ch{\'e}ritel, Hugues},
  booktitle={2018 13th Annual Conference on System of Systems Engineering (SoSE)},
  pages={514--520},
  year={2018},
  organization={IEEE}
}

@article{weng1992camera,
  title={Camera calibration with distortion models and accuracy evaluation},
  author={Weng, Juyang and Cohen, Paul and Herniou, Marc and others},
  journal={IEEE Transactions on pattern analysis and machine intelligence},
  volume={14},
  number={10},
  pages={965--980},
  year={1992}
}

@article{weichselbaum2013accurate,
  title={Accurate 3D-vision-based obstacle detection for an autonomous train},
  author={Weichselbaum, Johann and Zinner, Christian and Gebauer, Oliver and Pree, Wolfgang},
  journal={Computers in Industry},
  volume={64},
  number={9},
  pages={1209--1220},
  year={2013},
  publisher={Elsevier}
}